<?xml version="1.0" encoding="UTF-8"?><collection xmlns="http://www.loc.gov/MARC21/slim"><record><leader>00450nam--2200145-i-4500</leader><controlfield tag="001">000023898</controlfield><controlfield tag="002">20161230</controlfield><controlfield tag="005">20161230201035</controlfield><controlfield tag="008">060222s1000------------r-----000-0-eng-d</controlfield><datafield ind1=" " ind2=" " tag="080"><subfield code="a">77.023.833</subfield></datafield><datafield ind1=" " ind2=" " tag="100"><subfield code="a">Gibson, Lou H</subfield></datafield><datafield ind1=" " ind2=" " tag="245"><subfield code="a">Photography by infrared.its principles and applications</subfield></datafield><datafield ind1=" " ind2=" " tag="260"><subfield code="a">New York, John Wiley &amp; Sons, 1978. Xxiv+545p</subfield></datafield><datafield ind1=" " ind2=" " tag="490"><subfield code="a">Wiley Series Of Photographic Science And Technology And The Graphic Arts</subfield></datafield><datafield ind1=" " ind2=" " tag="852"><subfield code="a">47900</subfield></datafield></record></collection>